2508 4251
312 484 415 558 die
448 473 637 564 durch
686 465 893 544 meine
933 450 1294 547 Phantasie
1337 463 1532 543 zogen
1569 441 1700 512 und
1737 436 1814 530 sie
1843 421 2048 504 beleb-

312 633 460 713 ten,
513 616 620 689 als
668 615 793 680 das
836 590 989 689 stille
1030 579 1215 661 Volk
1262 577 1659 669 betrachten,
1740 578 1865 644 das
1896 562 2053 653 einst

309 760 414 834 die
449 750 768 840 einsamen
798 726 1040 815 Vesten
1074 712 1558 804 Deutschlands
1586 695 2057 793 durchwandcl-

320 907 451 983 ten,
504 870 633 961 und
667 869 916 960 Freude
939 853 1093 942 mir,
1145 867 1328 918 wenn
1363 846 1518 936 diese
1553 842 1834 922 Gebilde
1865 837 2054 927 ihnen

327 1024 498 1115 nicht
531 1028 694 1107 ganz
724 982 1063 1077 unlieblich
1094 978 1459 1076 erscheinen.

341 1445 532 1525 Wie
583 1442 712 1519 die
763 1436 923 1534 Lust
973 1429 1080 1510 an
1111 1414 1572 1522 Mährchen
1620 1399 1748 1505 sich
1798 1399 1883 1475 in
1914 1397 2073 1469 mir

342 1580 897 1672 entwickelte,
966 1578 1165 1648 oder
1229 1563 1363 1639 die
1417 1538 1888 1644 Geschichte
1941 1538 2080 1607 der

514 1716 1042 1813 Entstehung
1094 1702 1377 1796 dieses
1428 1681 1935 1774 Büchleins.

558 1926 842 2006 Meinen
888 1916 1122 2002 Eltern
1177 1902 1492 2002 geboren,
1560 1910 1673 1962 um
1712 1886 1789 1979 sie
1824 1877 2095 1966 einiger¬

360 2065 593 2158 maßen
631 2055 782 2132 über
815 2063 934 2129 de»
965 2049 1108 2126 Tod
1139 2048 1316 2122 eines
1349 2032 1586 2126 innigst
1605 2029 1732 2099 und
1764 2011 1966 2112 höchst
1991 2026 2097 2100 ge¬

362 2196 599 2272 liebten
628 2187 1109 2276 Töchterleins,
1162 2188 1271 2254 der
1298 2170 1543 2260 wenige
1573 2162 1725 2254 Zeit
1756 2147 1909 2237 nach
1941 2144 2102 2219 mei¬

369 2354 480 2404 ner
524 2326 786 2403 Geburt
829 2321 1136 2414 erfolgte,
1205 2336 1280 2410 zu
1327 2307 1596 2399 trösten,
1692 2294 1819 2366 mit
1860 2292 1969 2358 der
2012 2272 2103 2363 ich

374 2459 649 2554 zugleich
681 2460 800 2530 alle
833 2452 1104 2545 jünger»
1143 2442 1554 2537 Geschwister
1583 2423 1816 2508 verlor,
1869 2417 2110 2504 gingen

378 2596 585 2662 meine
650 2590 843 2675 ersten
904 2563 1607 2664 Entwickelungöjahre
1670 2548 1911 2640 einsam
1973 2541 2114 2642 hin.

382 2714 552 2788 Das
584 2715 772 2786 Kind
802 2710 975 2800 fühlt
1020 2708 1163 2777 dies
1204 2697 1358 2782 noch
1402 2685 1612 2780 nicht,
1662 2685 1765 2761 die
1796 2678 2117 2784 nährende

385 2843 667 2931 Amme,
717 2842 822 2911 die
849 2841 974 2911 mit
1005 2836 1144 2929 ihm
1173 2824 1560 2902 tändelnden
1583 2833 1712 2902 und
1729 2821 2124 2923 scherzenden

390 2982 623 3068 Eltern
669 2975 799 3072 sind
847 2967 991 3064 ihm
1034 2986 1267 3059 genug.
1379 2960 1557 3045 Aber
1589 2965 1767 3064 schon
1804 2983 1919 3038 um
1950 2952 2127 3031 mein

391 3128 626 3204 drittes
684 3107 874 3208 Jahr
938 3103 1220 3180 erinnere
1288 3104 1382 3201 ich
1445 3106 1610 3201 mich
1667 3105 1840 3182 einer
1884 3091 2127 3188 großen

395 3253 774 3359 Sehnsucht
803 3271 842 3326 n
849 3243 955 3336 ach
987 3265 1016 3316 e
1023 3245 1192 3321 inem
1211 3244 1579 3348 Gefährten
1615 3249 1744 3319 und
1761 3227 2134 3326 Gespielen,

404 3405 535 3473 und
582 3393 757 3494 wohl
804 3386 972 3479 weiß
1018 3378 1109 3471 ich
1154 3384 1304 3479 noch
1350 3390 1451 3465 die
1498 3384 1791 3480 Freude,
1892 3369 1997 3444 die
2041 3357 2137 3448 ich

413 3533 632 3630 hatte,
697 3533 806 3610 als
855 3527 984 3609 mir
1029 3524 1134 3604 ein
1176 3523 1586 3610 Brüderlein
1629 3511 1900 3609 geboren
1937 3501 2141 3577 ward.
