3053 4852
287 789 541 870 Laviiig.
584 798 729 853 1600,
771 797 878 853 fol.
919 817 1235 874 genommen
1331 800 1411 865 Es
1449 811 1590 863 wrrd
1630 809 1875 886 hinzuge?

288 860 418 928 setzt,
459 870 547 919 der
585 867 784 934 Papst,
827 876 917 925 der
952 887 1044 938 zur
1082 872 1201 941 Feit
1252 875 1420 939 dieser
1457 875 1755 944 Geschichte
1796 897 1874 950 ge-

288 931 397 983 lebt
437 938 539 988 und
581 949 666 990 ein
706 939 929 1009 fertiger
968 941 1107 1005 Poer
1145 946 1414 1013 gewesen,
1456 947 1595 1010 habe
1635 950 1877 1013 versucht

282 997 349 1061 sie
386 998 443 1053 in
482 1003 567 1055 ein
606 1002 882 1068 Distichon
923 1021 982 1070 zu
1023 1009 1273 1079 brrngen,
1312 1022 1369 1065 es
1411 1015 1542 1069 aber
1579 1016 1720 1076 nicht
1760 1031 1874 1073 ver¬

283 1066 472 1131 mocht.
546 1068 644 1125 Da
700 1073 835 1136 habe
885 1090 942 1127 er
988 1077 1139 1130 einen
1192 1080 1482 1140 stattlichen
1532 1082 1702 1146 Preis
1756 1093 1875 1141 dar¬

282 1139 375 1200 auf
414 1135 609 1205 gesetzt,
651 1145 746 1193 den
785 1141 870 1194 ein
911 1157 1087 1197 armer
1128 1144 1371 1203 Student
1410 1153 1696 1208 verhielten
1739 1158 1871 1210 wol¬

282 1205 388 1266 len,
430 1204 594 1270 dieser
634 1207 769 1269 habe
822 1209 914 1275 sich
967 1211 1093 1273 auch
1146 1215 1305 1282 lange
1356 1220 1579 1286 umsonst
1627 1227 1869 1292 gequält,

282 1268 370 1321 bis
422 1285 477 1324 er
527 1273 728 1335 endlich
783 1277 1069 1349 unmuihig
1125 1280 1204 1332 die
1254 1284 1419 1344 Feder
1464 1293 1868 1360 weggeworfen

278 1341 385 1389 und
425 1344 790 1409 ausgerufen:
853 1344 1045 1410 „karrn
1083 1346 1192 1407 ichs
1247 1353 1414 1412 nicht,
1465 1356 1515 1419 so
1566 1369 1722 1427 mag-
1776 1366 1868 1414 der

276 1402 471 1466 Teufel
519 1409 816 1472 machen!"
889 1412 1082 1478 Drescr
1137 1416 1219 1480 sey
1275 1419 1493 1474 alsbald
1547 1427 1864 1494 erschienen,

275 1471 414 1535 habe
452 1475 637 1544 gesagt
675 1489 732 1532 er
769 1480 927 1533 wolle
966 1492 1021 1534 e-
1064 1497 1121 1540 zu
1153 1483 1341 1540 Grand
1382 1489 1629 1561 bringen,
1671 1495 1753 1549 die
1772 1496 1863 1563 Fe¬

273 1544 367 1595 der
404 1555 819 1612 ausgenommen
858 1553 961 1602 und
1000 1552 1362 1619 geschrieben-.

407 1627 523 1668 3us,
563 1614 730 1676 pueri
769 1612 918 1678 bini,
956 1634 1102 1687 puer
1138 1638 1305 1672 untis,
1353 1638 1528 1694 nupta
1584 1624 1829 1684 marituS

405 1674 603 1731 cultell
624 1682 633 1741 *
658 1719 672 1741 ,
712 1678 974 1755 lympha,
1016 1683 1179 1747 fune,
1220 1687 1423 1742 dolore
1461 1692 1689 1746 cadnnt.

370 1741 724 1817 Neuerdings
765 1752 858 1813 hat
910 1751 1136 1806 Werner
1184 1756 1243 1807 in
1281 1758 1473 1821 seinem
1514 1760 1866 1829 Trauerspiel

269 1811 361 1866 der
397 1812 531 1878 24ste
568 1813 812 1880 Februar
852 1817 932 1871 die
971 1822 1077 1873 alte
1114 1820 1282 1878 Fabel
1320 1826 1518 1896 benutzt
1559 1840 1661 1885 und
1691 1837 1871 1892 damit«

268 1879 350 1933 die
407 1878 599 1945 Macht
651 1884 1014 1953 menschlicher
1063 1884 1252 1957 Poesie
1300 1908 1466 1964 gegen
1518 1904 1615 1954 den
1668 1899 1863 1972 Teufel

267 1943 535 2014 bewährt.

326 2095 476 2171 Zum
515 2097 868 2179 Mäuschen,
910 2104 1228 2183 Vögelchen
1272 2127 1341 2174 re.
1385 2129 1456 2176 re.
1539 2115 1663 2180 No.
1706 2127 1799 2193 2z.

396 2224 516 2281 Aus
578 2227 917 2296 Philanders
988 2245 1097 2289 von
1172 2235 1482 2295 Sittewald
1548 2241 1857 2313 Gesichten,

260 2287 423 2355 Theil
456 2312 506 2348 2.
545 2310 679 2367 ganz
719 2313 806 2352 am
834 2298 984 2357 Ende
1009 2305 1101 2355 des
1130 2305 1393 2371 siebenten
1425 2306 1685 2375 Gesichts.
1724 2315 1858 2372 Das

257 2355 520 2424 Märchen
572 2367 681 2418 lebt
718 2367 846 2421 aber
886 2366 1010 2423 auch
1053 2373 1177 2434 noch
1228 2377 1493 2437 mündlich
1547 2381 1676 2443 fort,
1730 2384 1858 2449 doch

257 2427 358 2481 mir
407 2438 759 2486 veränderten
824 2431 1176 2504 Umstanden,
1231 2443 1552 2510 namentlich
1609 2447 1747 2503 wird
1797 2460 1858 2505 es

257 2493 384 2556 bloß
436 2512 561 2552 vom
612 2498 917 2567 Mäuschen
967 2510 1071 2559 und
1134 2502 1576 2578 Bratwürstchen
1629 2519 1856 2586 erzählt,

257 2563 392 2627 ohne
432 2572 532 2620 das
584 2564 930 2637 Vögelchen;
980 2577 1077 2627 das
1131 2575 1246 2628 eine
1302 2577 1424 2641 muß
1474 2581 1609 2649 diese
1662 2586 1856 2654 Woche

255 2629 461 2699 kochen,
504 2641 602 2689 das
642 2638 826 2701 zweite
867 2639 950 2692 die
989 2645 1201 2712 andere.
1295 2680 1316 2712 ^

549 2782 633 2859 Zu
677 2790 770 2846 der
812 2782 968 2858 Frau
1010 2788 1203 2867 Holle.
1288 2792 1412 2858 No.
1456 2807 1547 2872 24.

385 2905 519 2964 Von
558 2911 747 2973 diesem
785 2909 1048 2980 Märchen
1089 2917 1206 2986 gibt
1245 2928 1303 2973 es
1342 2923 1468 2987 noch
1508 2927 1622 2980 eine
1651 2930 1849 2988 andere

250 2972 596 3047 Erzählung:
635 2978 714 3035 Es
753 2993 870 3034 war
927 2986 1131 3039 einmal
1190 2987 1306 3041 eine
1354 2988 1498 3052 Frau
1552 2995 1634 3049 die
1684 3000 1847 3055 liebte

248 3051 351 3096 nur
391 3043 505 3110 ihre
544 3046 730 3113 rechte,
771 3048 909 3113 nicht
942 3050 1072 3105 aber
1120 3053 1237 3114 ihre
1277 3051 1661 3126 Stieftochter,
1714 3067 1849 3133 hielt

250 3111 384 3174 diese
433 3113 623 3168 immer
674 3114 797 3181 harr
855 3121 958 3170 und
1015 3116 1183 3181 suchte
1237 3122 1301 3187 sie
1356 3127 1440 3179 los
1490 3143 1550 3192 zu
1606 3141 1843 3189 werden.

247 3175 415 3234 Eines
456 3178 613 3251 Tags
653 3184 789 3245 seyre
828 3184 892 3249 sie
934 3185 1082 3239 beide
1123 3185 1348 3250 Töchter
1377 3207 1444 3247 an
1473 3197 1625 3251 einen
1657 3194 1842 3258 Brun¬

244 3259 366 3308 nen,
418 3251 483 3301 da
535 3250 718 3312 sollten
767 3252 832 3316 sie
888 3252 1137 3315 spinnen:
1208 3270 1363 3322 „wer
1413 3262 1516 3316 mir
1564 3266 1693 3321 aber
1745 3278 1895 3347 den^

245 3307 450 3368 Rocken
499 3316 754 3381 hinunter
805 3320 967 3383 fallen
1021 3321 1153 3386 laßt,
1205 3330 1302 3379 den
1343 3331 1482 3392 werf
1526 3331 1602 3397 ich
1655 3335 1869 3400 hinten/

244 3382 462 3447 drein,"
511 3385 658 3455 sagte
710 3382 772 3446 sie
813 3393 918 3440 und
959 3388 1101 3442 band
1139 3391 1287 3457 ihrer
1326 3389 1554 3460 Tochter
1592 3404 1689 3456 den
1731 3400 1841 3461 Ro¬

248 3445 356 3503 cken
396 3448 505 3515 fest,
546 3457 636 3506 der
675 3451 1041 3513 Stieftochter
1090 3458 1220 3511 aber
1270 3474 1407 3530 ganz
1457 3467 1562 3528 lose
1657 3471 1842 3529 Kaum

242 3516 336 3574 hat
375 3518 509 3581 diese
547 3521 631 3574 ein
672 3521 886 3578 bischen
925 3525 1263 3593 gesponnen,
1316 3533 1436 3585 fallt
1474 3536 1561 3593 rhr
1601 3539 1841 3607 der.Ro¬

239 3583 327 3636 ten
394 3586 559 3650 hinab
612 3594 714 3642 und
780 3590 861 3641 die
910 3592 1274 3655 Stiefmutter
1310 3598 1371 3663 ist
1419 3607 1845 3680 unbarmherzig

234 3664 410 3723 genug
463 3661 567 3710 und
617 3657 770 3725 wirft
817 3658 885 3725 sie
948 3660 1307 3727 hinterdrein.
1405 3668 1521 3728 Sie
1571 3667 1695 3740 fällt
1745 3678 1846 3746 rief

306 3728 684 3789 Kindermerchen.
1369 3733 1436 3797 B
