1000 1190
452 116 467 129 27

186 152 228 169 häufig
236 152 249 164 in
258 154 403 169 Zusammensetzungen,
425 151 503 169 gewöhnlich
512 151 539 163 sind
549 155 562 163 es
570 151 646 166 communia,
656 150 676 163 die
683 150 733 168 epische

187 174 239 192 spräche
246 174 293 187 bildete
300 174 330 187 aber
337 174 368 186 auch
375 174 405 186 fern,
413 173 435 186 auf
440 179 462 188 eia,
471 174 483 186 in
492 173 553 186 welchem
562 173 595 186 dann
603 173 658 186 sichtbar
667 173 689 186 das
695 174 733 190 sigma

187 196 205 209 als
211 199 298 214 ausgcstoszcn
304 201 320 208 zu
327 196 401 208 betrachten
407 196 427 208 ist.
447 200 462 208 an
470 196 517 208 diesem
525 196 563 213 sigma
572 196 635 213 sprieszen
642 195 675 208 noch
681 195 732 211 räthscl,

186 224 214 231 man
221 219 272 231 möchte
279 219 291 231 in
298 218 331 231 allen
338 218 390 231 solchen
397 218 467 235 adjectiven
475 218 545 235 gleichfalls
553 218 618 235 participia
625 220 673 235 praet.,
683 218 705 230 mit
711 218 733 230 ab-

179 246 181 248 -
187 241 247 258 gefall»er
253 240 346 258 reduplication
353 240 422 255 erblicken,
430 244 444 252 so
451 240 479 252 dasz
488 244 527 257 tra<ftY[g
536 240 556 252 für
563 243 616 256 yetra^»)?
622 240 670 255 stände,
678 244 716 258 iVTrqe?
716 241 733 254 nj«

187 264 207 275 ein
213 268 271 281 7nx%eirY;
277 263 370 275 voraussetzte?

453 301 465 315 D

235 329 272 342 Nach
280 328 382 341 altchinesischer
390 328 468 345 Vorstellung
477 328 503 345 gibt
511 332 524 340 es
533 328 569 340 einen
578 327 660 345 donuergott,
672 328 702 340 bald
710 328 733 340 lüi-

186 352 213 364 tien
221 351 276 367 (donner
282 350 308 363 und
314 350 355 367 blitz),
364 350 393 362 bald
400 350 468 364 lüi-schfn
475 350 579 367 (donnergenius)
589 350 621 363 oder
627 350 689 367 lüi-küog
695 349 732 367 (don-

187 373 240 386 nerherr
248 376 306 390 genannt,
326 377 340 385 er
347 372 380 385 fährt
387 372 409 386 auf
416 372 522 389 gcwittcrwolken
529 372 572 385 einher
580 372 607 384 und
615 372 663 389 schlägt
671 372 732 385 verschie¬

187 395 211 408 den
218 396 287 413 gestimmte
294 394 349 412 pauken.

235 417 262 430 Für
267 417 297 429 blitz
304 417 325 429 hat
332 421 364 432 man,
372 417 414 429 neben
421 416 445 429 den
452 416 535 433 eigentlichen
540 416 624 432 ausdrücken,
633 416 657 428 den
664 416 733 428 bildlichen

187 439 244 457 lüi-pien,
251 439 272 451 das
278 440 294 451 ist
300 438 356 456 peitsche
363 438 395 451 oder
401 438 439 455 geisel
446 438 467 451 des
472 438 527 450 donners
535 438 620 454 (donnerers),
628 439 650 451 wie
655 438 667 455 ja
674 438 706 450 auch
713 438 733 451 die

187 461 281 474 Naturforscher
290 461 314 473 den
326 461 374 473 donner
385 462 425 473 einem
434 460 535 478 peitschenknall
543 460 627 477 vergleichen,
649 460 705 476 einfach,
715 460 733 472 lüi

187 483 240 496 donner.
260 483 298 495 sehen
308 483 339 495 oder
350 484 383 498 tien,
394 482 432 498 blitz,
444 482 476 495 auch
486 482 565 495 sehen-tien.
585 483 643 494 tien-mu
653 483 705 498 (mutter
711 482 733 495 des

187 506 242 522 blitzes),
250 506 278 517 eine
285 505 360 522 blitzgöttin,
368 509 392 517 was
399 509 414 517 an
420 505 450 521 jene
456 504 496 517 söhne
503 504 524 516 des
531 504 586 516 donners
592 504 639 516 mahnt.

235 527 264 540 Den
273 527 337 545 Japanern
347 527 385 540 heiszt
395 527 444 539 donner
452 526 514 541 ikatsutsi,
524 526 584 538 ikadsutsi
592 526 619 538 und
628 526 693 539 narukami
701 526 733 539 oder

187 550 261 567 umgekehrt
267 549 332 562 kaminari.
352 549 408 561 ikatsutsi
417 549 448 561 wird
458 549 478 561 für
484 547 546 563 identisch
553 548 600 561 erklärt
606 549 628 561 mit
634 548 697 561 ikari-utsi
703 548 716 561 d.
724 550 732 561 i.

187 573 225 589 (iclus
231 576 246 584 ex
252 572 281 588 ira).
292 571 357 584 narukami
364 571 403 584 heiszt
409 570 471 584 tönender
478 573 504 588 gott
510 570 537 583 und
543 570 603 583 kaminari
610 572 678 588 götterton,
686 572 732 588 götter-

187 595 240 607 stimme.

235 616 261 629 Für
267 616 297 628 blitz
304 620 341 633 sagen
347 616 365 628 sie
371 615 436 631 inabikari,
445 615 513 631 inadsuma,
521 612 598 630 inadsurjbi.
617 614 653 627 fikari
660 615 678 631 (in
685 620 733 628 zusam-

187 641 238 655 setzung
245 638 290 654 bikari)
297 640 312 650 ist
319 638 354 653 licht,
362 638 402 655 glanz,
422 637 465 650 dsuma
472 637 504 652 frau,
512 638 554 654 gattin.
574 637 623 649 tsurubi
630 638 648 653 (in
655 642 732 650 Zusammen¬

187 663 238 678 setzung
243 660 301 676 dsurubi)
308 661 323 672 ist
328 660 399 677 begaltung.
412 660 431 672 ina
437 660 452 672 ist
457 659 480 672 der
486 660 510 672 reis
517 659 539 672 auf
544 659 572 672 dem
579 659 625 675 bahne,
633 659 659 671 also
665 659 733 672 reisleuch¬

187 686 212 698 ten,
220 683 287 700 reisgattin,
297 683 393 699 reisbegattung.
411 682 431 694 die
437 682 509 699 japanische
516 681 606 699 encyclopädie
613 683 661 694 äuszert
667 682 693 694 sich
701 682 733 694 hier¬

187 705 219 717 über
228 704 261 717 also:
271 709 284 717 es
293 705 308 717 ist
316 705 343 717 eine
352 704 438 722 gewöhnliche
447 703 536 721 erscheinung,
546 703 574 716 dasz
583 708 596 716 cs
602 704 615 715 in
621 703 677 716 heiteren
684 703 733 716 herbst¬

188 727 240 740 nächten
248 727 295 739 blitzet,
309 726 325 739 da
332 731 357 739 nun
365 731 385 738 um
392 726 426 738 diese
432 727 456 738 zeit
463 726 485 738 der
491 727 515 738 reis
522 731 544 738 zur
550 726 581 738 reife
588 726 640 741 kommt,
648 730 662 738 so
668 726 708 738 heiszt
713 726 733 738 ein

188 749 238 762 solcher
246 749 275 761 blitz
285 749 329 761 dessen
338 749 376 766 gattin
385 748 417 761 oder
425 748 497 766 begatlung.
519 747 539 760 die
547 748 602 765 Japaner
611 749 661 760 müssen
672 748 733 760 demnach

187 772 214 784 eine
224 771 282 783 hochzeit
289 771 311 783 des
318 771 383 783 reifenden
390 771 427 783 reises
433 771 446 782 in
453 770 477 782 den
483 770 580 782 herbstnächten
586 770 661 782 annehmen.

236 793 257 806 das
263 796 295 806 wort
301 793 349 805 tsurubi
356 793 389 805 kann
396 793 454 810 übrigens
461 792 493 805 auch
499 792 517 805 als
523 797 594 804 zusammen
596 796 650 811 gezogen
657 797 678 805 aus
686 793 733 805 tsuruvi

187 816 254 833 begaltung
260 815 285 828 und
291 815 299 828 (i
306 816 341 828 teuer
346 815 405 832 gedeutet
410 815 465 829 werden,
471 815 497 827 und
503 814 536 827 dann
541 814 581 827 hiesze
587 814 657 830 inadsujtybi
662 814 732 827 hochzeits¬

188 838 227 853 feuer,
235 837 302 855 gleichsam
308 837 414 849 hochzeitsfackel
421 837 442 849 des
449 838 493 852 reises,
504 841 528 849 was
537 837 556 849 ein
566 836 633 849 schöneres
641 837 652 848 bi
654 836 666 849 Id
674 837 700 854 gibt
706 836 732 848 und

187 860 244 877 zugleich
254 860 278 872 viel
290 859 376 877 vernünftiger
384 860 406 874 ist,
416 859 433 871 als
445 863 481 871 wenn
490 863 518 872 man
527 861 577 871 unterm
586 858 624 871 blitze
636 858 656 871 die
664 859 733 876 begattung

187 882 229 894 selber
236 881 261 894 sich
269 881 318 894 dächte,
337 882 379 894 womit
386 881 441 898 begattet
447 881 474 893 sich
480 881 513 893 dann
520 881 550 893 aber
556 880 579 893 der
585 881 618 893 reis?
